@book{aharonov-rohrlich-2008,
  title={Quantum paradoxes: quantum theory for the perplexed},
  author={Aharonov, Yakir and Rohrlich, Daniel},
  year={2008},
  publisher={John Wiley \& Sons}
}

@article{hannay-1998,
  author={Hannay, John},
  title={The chaotic analytic function},
  journal={Journal of Physics A: Mathematical and General},
  volume={31},
  number={49},
  pages={L755},
  url={http://stacks.iop.org/0305-4470/31/i=49/a=001},
  year={1998},
}

@article{higgs-1964,
  title={Broken symmetries, massless particles and gauge fields},
  author={Higgs, Peter W},
  journal={Physics Letters},
  volume={12},
  number={2},
  pages={132--133},
  year={1964},
  publisher={North-Holland}
}

@article{higgs-1966,
  title={Spontaneous symmetry breakdown without massless bosons},
  author={Higgs, Peter W},
  journal={Physical Review},
  volume={145},
  number={4},
  pages={1156},
  year={1966},
  publisher={APS}
}


